@inproceedings{article1,
 author = {Ott, Myle and Choi, Yejin and Cardie, Claire and Hancock, Jeffrey T.},
 title = {Finding Deceptive Opinion Spam by Any Stretch of the Imagination},
 booktitle = {Proceedings of the 49th Annual Meeting of the Association for Computational Linguistics: Human Language Technologies - Volume 1},
 series = {HLT '11},
 year = {2011},
 isbn = {978-1-932432-87-9},
 location = {Portland, Oregon},
 pages = {309--319},
 numpages = {11},
 url = {http://dl.acm.org/citation.cfm?id=2002472.2002512},
 acmid = {2002512},
 publisher = {Association for Computational Linguistics},
 address = {Stroudsburg, PA, USA},
}

@INPROCEEDINGS{article2,
    author = {Myle Ott and Claire Cardie and Jeffrey T. Hancock},
    title = {Negative deceptive opinion spam},
    booktitle = {in HLT-NAACL},
    year = {2013}
}
